<?xml version="1.0" encoding="UTF-8"?><collection xmlns="http://www.loc.gov/MARC21/slim"><record><leader>00369nam--2200133-i-4500</leader><controlfield tag="001">000006972</controlfield><controlfield tag="002">20161230</controlfield><controlfield tag="005">20161230201027</controlfield><controlfield tag="008">060222s1000------------r-----000-0-eng-d</controlfield><datafield ind1=" " ind2=" " tag="100"><subfield code="a">Cevolani, M., Petralia, S</subfield></datafield><datafield ind1=" " ind2=" " tag="245"><subfield code="a">Bibliographical series. no. 12:capture reactions</subfield></datafield><datafield ind1=" " ind2=" " tag="260"><subfield code="a">Vienna,I.A.E.A</subfield></datafield><datafield ind1=" " ind2=" " tag="490"><subfield code="a">I.F.U.B., 91 (Nuovo Cimento, 7, 866, 1958)</subfield></datafield><datafield ind1=" " ind2=" " tag="852"><subfield code="a">D.1032</subfield></datafield></record></collection>